%---------------------------------------------------------------------
%
%                          Bibliografia
%
%---------------------------------------------------------------------



@BOOK{Tablas,
AUTHOR    = {Scott Pakin}, 
TITLE     = {The Comprehensive \LaTeX{} Symbol List},
JOURNAL   = {Comprehensive TEX Archive Network},
YEAR      = {9 de Noviembre de 2009}
}

@BOOK{ELLIBRODELLATEX,
AUTHOR    = {Bernardo Cascales Salinas et al.}, 
EDITOR    = {Pearson},
TITLE     = {El Libro del \LaTeX{}},
YEAR      = {2003},
ISBN      ={978-84-205-3779-5}
}

@BOOK{Sanguino,
AUTHOR    = {Javier Sanguino Botella}, 
EDITOR    = {Addison-Wesley},
TITLE     = {Iniciación a \LaTeX{}2$_{\varepsilon}$. Un sistema para preparar documentos},
YEAR      = {1997},
ISBN      ={84-7829-013-3}
}